<?xml version="1.0" encoding="UTF-8"?><collection xmlns="http://www.loc.gov/MARC21/slim"><record><leader>00431nam--2200169-i-4500</leader><controlfield tag="001">000042614</controlfield><controlfield tag="002">20161230</controlfield><controlfield tag="005">20170204194952</controlfield><controlfield tag="008">060222s1000------------r-----000-0-eng-d</controlfield><datafield ind1=" " ind2=" " tag="080"><subfield code="a">53(076.1)</subfield></datafield><datafield ind1=" " ind2=" " tag="100"><subfield code="a">Stanciu, Gheorghe A</subfield></datafield><datafield ind1=" " ind2=" " tag="245"><subfield code="a">Culegere de probleme de fizica</subfield></datafield><datafield ind1=" " ind2=" " tag="260"><subfield code="a">Bucuresti</subfield><subfield code="b">Ed.Didactica Si Pedagogica</subfield><subfield code="c">1982</subfield></datafield><datafield ind1=" " ind2=" " tag="300"><subfield code="a">648 p</subfield></datafield><datafield ind1=" " ind2=" " tag="700"><subfield code="a">Popescu, Ion M</subfield></datafield><datafield ind1=" " ind2=" " tag="852"><subfield code="a">70716</subfield></datafield><datafield ind1=" " ind2=" " tag="CAT"><subfield code="a">SYS</subfield><subfield code="c">20170204</subfield><subfield code="h">194952</subfield></datafield></record></collection>